@ARTICLE{guy05a,
   author = {{Guy}, J. and {Astier}, P. and {Nobili}, S. and {Regnault}, N. and 
	{Pain}, R.},
    title = "{SALT: a spectral adaptive light curve template for type Ia supernovae}",
  journal = {\aap},
   eprint = {arXiv:astro-ph/0506583},
 keywords = {supernovae: general, cosmology: observations},
     year = 2005,
    month = dec,
   volume = 443,
    pages = {781-791},
      doi = {10.1051/0004-6361:20053025},
   adsurl = {http://adsabs.harvard.edu/abs/2005A%26A...443..781G},
  adsnote = {Provided by the SAO/NASA Astrophysics Data System}
}

@ARTICLE{guy07a,
   author = {{Guy}, J. and {Astier}, P. and {Baumont}, S. and {Hardin}, D. and 
	{Pain}, R. and {Regnault}, N. and {Basa}, S. and {Carlberg}, R.~G. and 
	{Conley}, A. and {Fabbro}, S. and {Fouchez}, D. and {Hook}, I.~M. and 
	{Howell}, D.~A. and {Perrett}, K. and {Pritchet}, C.~J. and 
	{Rich}, J. and {Sullivan}, M. and {Antilogus}, P. and {Aubourg}, E. and 
	{Bazin}, G. and {Bronder}, J. and {Filiol}, M. and {Palanque-Delabrouille}, N. and 
	{Ripoche}, P. and {Ruhlmann-Kleider}, V.},
    title = "{SALT2: using distant supernovae to improve the use of type Ia supernovae as distance indicators}",
  journal = {\aap},
   eprint = {arXiv:astro-ph/0701828},
 keywords = {supernovae: general, cosmology: observations},
     year = 2007,
    month = apr,
   volume = 466,
    pages = {11-21},
      doi = {10.1051/0004-6361:20066930},
   adsurl = {http://adsabs.harvard.edu/abs/2007A%26A...466...11G},
  adsnote = {Provided by the SAO/NASA Astrophysics Data System}
}